<collection xmlns="http://www.loc.gov/MARC21/slim">
<record>
  <leader>00363na 0a22001211i 450 </leader>
  <controlfield tag="001">IT\ICCU\CNCE\064422</controlfield>
  <controlfield tag="005">20060720000000.0</controlfield>
  <datafield tag="100" ind1=" " ind2=" ">
    <subfield code="a">20060406             0itac0103    ba</subfield>
  </datafield>
  <datafield tag="101" ind1=" " ind2=" ">
    <subfield code="a">ITA</subfield>
  </datafield>
  <datafield tag="200" ind1="1" ind2=" ">
    <subfield code="a">Querela apologetica</subfield>
  </datafield>
  <datafield tag="700" ind1=" " ind2="1">
    <subfield code="a">Merula,</subfield>
    <subfield code="b">Gaudenzio</subfield>
    <subfield code="3">IT\ICCU\CNCA\008204</subfield>
  </datafield>
  <datafield tag="790" ind1=" " ind2="1">
    <subfield code="a">Merula,</subfield>
    <subfield code="b">Gaudentius</subfield>
    <subfield code="3">IT\ICCU\CNCA\022769</subfield>
    <subfield code="z">Merula, Gaudenzio</subfield>
  </datafield>
  <datafield tag="801" ind1=" " ind2="3">
    <subfield code="a">IT</subfield>
    <subfield code="b">ICCU</subfield>
    <subfield code="c">20201115</subfield>
  </datafield>
</record>
</collection>
